<?xml version="1.0" encoding="UTF-8"?><record xmlns="http://www.loc.gov/MARC21/slim" xmlns:cinclude="http://apache.org/cocoon/include/1.0" xmlns:zs="http://www.loc.gov/zing/srw/">
  <leader>01173cz  a2200265n  4500</leader>
  <controlfield tag="001">nr 89013493 </controlfield>
  <controlfield tag="003">DLC</controlfield>
  <controlfield tag="005">20080821081739.0</controlfield>
  <controlfield tag="008">891006n| acannaabn          |b aaa     c</controlfield>
  <datafield tag="010" ind1=" " ind2=" ">
    <subfield code="a">nr 89013493 </subfield>
    <subfield code="z">nr 92001903 </subfield>
    <subfield code="z">nr 93020444 </subfield>
  </datafield>
  <datafield tag="035" ind1=" " ind2=" ">
    <subfield code="a">(OCoLC)oca02614030</subfield>
  </datafield>
  <datafield tag="040" ind1=" " ind2=" ">
    <subfield code="a">NjP</subfield>
    <subfield code="b">eng</subfield>
    <subfield code="c">NjP</subfield>
    <subfield code="d">DLC</subfield>
    <subfield code="d">CLU</subfield>
    <subfield code="d">OCoLC</subfield>
  </datafield>
  <datafield tag="100" ind1="1" ind2=" ">
    <subfield code="a">Laḥḥām, Saʻīd</subfield>
  </datafield>
  <datafield tag="400" ind1="1" ind2=" ">
    <subfield code="a">Laḥḥām, Saʻīd Muḥammad</subfield>
  </datafield>
  <datafield tag="400" ind1="1" ind2=" ">
    <subfield code="a">Al-Laham, Saïd M.</subfield>
  </datafield>
  <datafield tag="400" ind1="1" ind2=" ">
    <subfield code="a">Laham, Saïd M. Al-</subfield>
  </datafield>
  <datafield tag="400" ind1="1" ind2=" ">
    <subfield code="a">اللحاّم ، سعيد</subfield>
  </datafield>
  <datafield tag="400" ind1="1" ind2=" ">
    <subfield code="a">سعيد اللحام</subfield>
  </datafield>
  <datafield tag="400" ind1="1" ind2=" ">
    <subfield code="a">سعيد محمد اللحام</subfield>
  </datafield>
  <datafield tag="400" ind1="1" ind2=" ">
    <subfield code="a">لحام، سعيد</subfield>
  </datafield>
  <datafield tag="667" ind1=" " ind2=" ">
    <subfield code="a">Machine-derived non-Latin script reference project.</subfield>
  </datafield>
  <datafield tag="667" ind1=" " ind2=" ">
    <subfield code="a">Non-Latin script references not evaluated.</subfield>
  </datafield>
  <datafield tag="670" ind1=" " ind2=" ">
    <subfield code="a">Qaṣaṣ al-Qurʼān al-karīm, 1987:</subfield>
    <subfield code="b">t.p. (Saʻīd al-Laḥḥām)</subfield>
  </datafield>
  <datafield tag="670" ind1=" " ind2=" ">
    <subfield code="a">Ibn Abī Shaybah, ʻA.A.b.M. Muṣannaf Ibn Abī Shaybah fī al-aḥādīth wa-al-āthār, 1989:</subfield>
    <subfield code="b">v. 1-9, t.p. (al-Ustādh Saʻīd al-Laḥḥām) cover (Saʻīd Muḥammad al-Laḥḥām)</subfield>
  </datafield>
  <datafield tag="670" ind1=" " ind2=" ">
    <subfield code="a">Muslim ibn al-Ḥajjāj al-Qushayrī. Le sommaire du Sahih Mouslim, 1992:</subfield>
    <subfield code="b">v. 1, t.p. (Saïd M. Al-Laham)</subfield>
  </datafield>
</record>